%%
%% Arquivo de referências bibliográficas.
%%

@techreport{cockburn2005hexagonal,
  author    = {Alistair Cockburn},
  title     = {The Hexagonal (Ports \& Adapters) Architecture},
  institution = {HaT Technical Report},
  number    = {2005.02},
  year      = {2005},
  date      = {Sept.~4,\,2005}
}

@article{qureshi2014mvc,
  author  = {M. R. Jameel Qureshi and Fatima Sabir},
  title   = {A comparison of Model View Controller and Model View Presenter},
  journal = {CoRR},
  volume  = {abs/1408.5786},
  year    = {2014},
  note    = {arXiv preprint}
}

@article{tu2023layered,
  author  = {Zhenan Tu},
  title   = {Research on the Application of Layered Architecture in Computer Software Development},
  journal = {Journal of Computing and Electronic Information Management},
  volume  = {11},
  number  = {3},
  pages   = {34--38},
  year    = {2023},
  doi     = {10.54097/jceim.v11i3.08}
}

@book{fowler:book02,
	title = {{Patterns of Enterprise Application Architecture}},
	author = {Fowler, Martin},
	edition = {1},
	isbn = {9780321127426},
	publisher = {Addison-Wesley},
	year = {2002}
}

@incollection{souza-celebratingfalbo20,
	title = {{The FrameWeb Approach to Web Engineering: Past, Present and Future}},
	author = {Souza, V{\'{i}}tor E. S.},
	booktitle = {Engineering Ontologies and Ontologies for Engineering},
	chapter = {8},
	edition = {1},
	editor = {Almeida, Jo{\~{a}}o Paulo A. and Guizzardi, Giancarlo},
	isbn = {9781393963035},
	pages = {100--124},
	publisher = {NEMO},
	url = {http://purl.org/nemo/celebratingfalbo},
	address = {Vit{\'{o}}ria, ES, Brazil},
	year = {2020}
}